<record><leader>00000cas a22000007a 4500</leader><controlfield tag="001">14950126</controlfield><controlfield tag="008">861210d19uu19uutxuwr ne      0    0eng d</controlfield><datafield ind1=" " ind2=" " tag="010"><subfield code="a">sn 86090361 </subfield></datafield><datafield ind1=" " ind2=" " tag="040"><subfield code="a">PPM</subfield><subfield code="b">eng</subfield><subfield code="c">PPM</subfield><subfield code="d">OCLCQ</subfield></datafield><datafield ind1=" " ind2=" " tag="042"><subfield code="a">msc</subfield></datafield><datafield ind1="0" ind2="4" tag="245"><subfield code="a">The Victoria fact.</subfield></datafield><datafield ind1=" " ind2=" " tag="260"><subfield code="a">Victoria, Tex. :</subfield><subfield code="b">[s.n.]</subfield></datafield><datafield ind1=" " ind2=" " tag="300"><subfield code="a">v. :</subfield><subfield code="b">ill.</subfield></datafield><datafield ind1=" " ind2=" " tag="310"><subfield code="a">Weekly</subfield></datafield><datafield ind1=" " ind2=" " tag="500"><subfield code="a">Continues numbering of: The fact.</subfield></datafield><datafield ind1=" " ind2=" " tag="500"><subfield code="a">Editor: W.E. Cooke.</subfield></datafield><datafield ind1=" " ind2=" " tag="588"><subfield code="a">Description based on: Vol. 14, no. 43 (Aug. 21, 1914).</subfield></datafield><datafield ind1=" " ind2=" " tag="752"><subfield code="a">United States</subfield><subfield code="b">Texas</subfield><subfield code="c">Victoria</subfield><subfield code="d">Victoria.</subfield></datafield><datafield ind1="0" ind2="0" tag="780"><subfield code="t">Fact (Victoria, Tex.)</subfield></datafield><datafield ind1="1" ind2=" " tag="029"><subfield code="a">AU@</subfield><subfield code="b">000025787846</subfield></datafield></record>